@Book{knuth:84,
  author = 	 {Donald E. Knuth},
  title = 	 {The {\TeX} Book},
  publisher = 	 {Addison-Wesley},
  year = 	 {1984},
  edition = 	 {15th}
}

@InCollection{boulic:91,
  author = 	 {R. Boulic and O. Renault},
  title = 	 {3D Hierarchies for Animation},
  booktitle = 	 {New Trends in Animation and Visualization},
  publisher =    {John Wiley {\&} Sons ltd.},
  year = 	 {1991},
  editor = 	 {Nadia Magnenat-Thalmann and Daniel Thalmann}
}

@InCollection{smith:99,
  author = 	 {A. Smith and B. Jones},
  title = 	 {On the Complexity of Computing},
  booktitle = 	 {Advances in Computer Science},
  pages = 	 {555--566},
  publisher =    {Publishing Press},
  year = 	 {1999},
  editor = 	 {A. B. Smith-Jones}
}

@article{cormodehardness,
  title={The Hardness of the Lemmings Game},
  author={Cormode, Graham},
  year={2004}
}

@inproceedings{forivsek2010computational,
  title={Computational complexity of two-dimensional platform games},
  author={Fori{\v{s}}ek, Michal},
  booktitle={International Conference on Fun with Algorithms},
  pages={214--227},
  year={2010},
  organization={Springer}
}

@article{viglietta2014gaming,
  title={Gaming is a hard job, but someone has to do it!},
  author={Viglietta, Giovanni},
  journal={Theory of Computing Systems},
  volume={54},
  number={4},
  pages={595--621},
  year={2014},
  publisher={Springer}
}

@article{aloupis2015classic,
  title={Classic Nintendo games are (computationally) hard},
  author={Aloupis, Greg and Demaine, Erik D and Guo, Alan and Viglietta, Giovanni},
  journal={Theoretical Computer Science},
  volume={586},
  pages={135--160},
  year={2015},
  publisher={Elsevier}
}

@article{gabrielsen2012video,
  title={Video Game Motion Planning reviewed NP-complete},
  author={Gabrielsen, Cory},
  year={2012}
}

@article{demaine2000pushpush,
  title={PushPush and Push-1 are NP-hard in 2D},
  author={Demaine, Erik D and Demaine, Martin L and O'Rourke, Joseph},
  journal={arXiv preprint cs/0007021},
  year={2000}
}

@inproceedings{cook1971complexity,
  title={The complexity of theorem-proving procedures},
  author={Cook, Stephen A},
  booktitle={Proceedings of the third annual ACM symposium on Theory of computing},
  pages={151--158},
  year={1971},
  organization={ACM}
}