@article{einstein,
    author =       "Albert Einstein",
    title =        "{Zur Elektrodynamik bewegter K{\"o}rper}. ({German})
        [{On} the electrodynamics of moving bodies]",
    journal =      "Annalen der Physik",
    volume =       "322",
    number =       "10",
    pages =        "891--921",
    year =         "1905",
    DOI =          "http://dx.doi.org/10.1002/andp.19053221004"
}

@article{thompson1978unix,
  title={UNIX time-sharing system: UNIX Implementation},
  author={Thompson, Ken},
  journal={The Bell System Technical Journal},
  volume={57},
  number={6},
  pages={1931--1946},
  year={1978},
  publisher={Nokia Bell Labs}
}

@article{mckusick1984fast,
  title={A fast file system for UNIX},
  author={McKusick, Marshall K and Joy, William N and Leffler, Samuel J and Fabry, Robert S},
  journal={ACM Transactions on Computer Systems (TOCS)},
  volume={2},
  number={3},
  pages={181--197},
  year={1984},
  publisher={ACM}
}

@online{volume2018mte,
  author = {Make Tech Easier},
  title = {\href{https://www.maketecheasier.com/difference-between-disk-drive-volume-partition-image/}{Understanding the Difference Between a Disk, Drive, Volume, Partition, and Image}},
  year = 2018,
  url = {https://www.maketecheasier.com/difference-between-disk-drive-volume-partition-image/},
  urldate = {2019-06-16}
}

@online{wikipedia2019ufs,
  author = {Wikipedia},
  title = {\href{https://en.wikipedia.org/wiki/Unix_File_System/}{Unix File System}},
  year = 2019,
  url = {https://en.wikipedia.org/wiki/Unix_File_System/},
  urldate = {2019-06-16}
}

@book{tanenbaum2015modern,
  title={Modern operating systems},
  author={Tanenbaum, Andrew S and Bos, Herbert},
  year={2015},
  publisher={Pearson}
}
