@misc {ref1,
    title = "Fast Sudoku Solver in Haskell \#1: A Simple Solution",
    author = "Abhina V. Sarkar",
    url = "https://abhinavsarkar.net/posts/fast-sudoku-solver-in-haskell-1/",
    year = 2018
}