% 2019

@inproceedings{falco2019neuromesh,
  title={NeuroMesh: IoT Security Enabled by a Blockchain Powered Botnet Vaccine},
  author={Falco, Gregory and Li, Caleb and Fedorov, Pavel and Caldera, Carlos and Arora, Rahul and Jackson, Kelly},
  booktitle={ACM Proceedings: International Conference on Omni-Layer Intelligent Systems (COINS)},
  year={2019}
}

@article{brotsis2019blockchain,
  title={Blockchain Solutions for Forensic Evidence Preservation in IoT Environments},
  author={Brotsis, Sotirios and Kolokotronis, Nicholas and Limniotis, Konstantinos and Shiaeles, Stavros and Kavallieros, Dimitris and Bellini, Emanuele and Pavue, Clement},
  journal={arXiv preprint arXiv:1903.10770},
  year={2019}
}

@article{taylor2019systematic,
  title={A systematic literature review of blockchain cyber security},
  author={Taylor, Paul J and Dargahi, Tooska and Dehghantanha, Ali and Parizi, Reza M and Choo, Kim-Kwang Raymond},
  journal={Digital Communications and Networks},
  year={2019},
  publisher={Elsevier}
}

@article{dwivedi2019decentralized,
  title={A Decentralized Privacy-Preserving Healthcare Blockchain for IoT},
  author={Dwivedi, Ashutosh Dhar and Srivastava, Gautam and Dhar, Shalini and Singh, Rajani},
  journal={Sensors},
  volume={19},
  pages={326},
  year={2019}
}

%2018

@article{sharma2018software,
  title={A software defined fog node based distributed blockchain cloud architecture for IoT},
  author={Sharma, Pradip Kumar and Chen, Mu-Yen and Park, Jong Hyuk},
  journal={IEEE Access},
  volume={6},
  pages={115--124},
  year={2018},
  publisher={IEEE}
}

@article{manzoor2018blockchain,
  title={Blockchain based Proxy Re-Encryption Scheme for Secure IoT Data Sharing},
  author={Manzoor, Ahsan and Liyanage, Madhsanka and Braeken, An and Kanhere, Salil S and Ylianttila, Mika},
  journal={arXiv preprint arXiv:1811.02276},
  year={2018}
}

@inproceedings{miraz2018blockchain,
  title={Blockchain Enabled Enhanced IoT Ecosystem Security},
  author={Miraz, Mahdi H and Ali, Maaruf},
  booktitle={International Conference for Emerging Technologies in Computing},
  pages={38--46},
  year={2018},
  organization={Springer}
}

@article{fan2018blockchain,
  title={Blockchain-based secure time protection scheme in IoT},
  author={Fan, Kai and Wang, Shangyang and Ren, Yanhui and Yang, Kan and Yan, Zheng and Li, Hui and Yang, Yintang},
  journal={IEEE Internet of Things Journal},
  year={2018},
  publisher={IEEE}
}

%2017

@inproceedings{dorri2017blockchain,
  title={Blockchain for IoT security and privacy: The case study of a smart home},
  author={Dorri, Ali and Kanhere, Salil S and Jurdak, Raja and Gauravaram, Praveen},
  booktitle={2017 IEEE International Conference on Pervasive Computing and Communications Workshops (PerCom Workshops)},
  pages={618--623},
  year={2017},
  organization={IEEE}
}

@inproceedings{dorri2017towards,
  title={Towards an optimized blockchain for IoT},
  author={Dorri, Ali and Kanhere, Salil S and Jurdak, Raja},
  booktitle={Proceedings of the second international conference on Internet-of-Things design and implementation},
  pages={173--178},
  year={2017},
  organization={ACM}
}

@book{ganssle2003embedded,
  title={Embedded Systems Dictionary},
  author={Ganssle, Jack},
  year={2003},
  publisher={CRC Press}
}

@inproceedings{iotDef,
author = {Mohammadi Zanjireh, Morteza and Larijani, Hadi},
year = {2015},
month = {05},
pages = {},
title = {A Survey on Centralised and Distributed Clustering Routing Algorithms for WSNs},
volume = {2015},
journal = {IEEE Vehicular Technology Conference},
doi = {10.1109/VTCSpring.2015.7145650}
}

@article{bcindustry,
author = {Zile, Kaspars and Strazdina, Renate},
year = {2018},
month = {05},
pages = {12-20},
title = {Blockchain Use Cases and Their Feasibility},
volume = {23},
journal = {Applied Computer Systems},
doi = {10.2478/acss-2018-0002}
}

@inproceedings{zheng2017overview,
  title={An overview of blockchain technology: Architecture, consensus, and future trends},
  author={Zheng, Zibin and Xie, Shaoan and Dai, Hongning and Chen, Xiangping and Wang, Huaimin},
  booktitle={2017 IEEE International Congress on Big Data (BigData Congress)},
  pages={557--564},
  year={2017},
  organization={IEEE}
}

@article{nakamoto2008bitcoin,
  title={Bitcoin: A peer-to-peer electronic cash system},
  author={Nakamoto, Satoshi and others},
  year={2008},
  publisher={Working Paper}
}

@inproceedings{vasek2015there,
  title={Thereâ€™s no free lunch, even using Bitcoin: Tracking the popularity and profits of virtual currency scams},
  author={Vasek, Marie and Moore, Tyler},
  booktitle={International conference on financial cryptography and data security},
  pages={44--61},
  year={2015},
  organization={Springer}
}

@article{mccook2014order,
  title={An order-of-magnitude estimate of the relative sustainability of the Bitcoin network},
  author={McCook, Hass},
  journal={URL: https://www. academia. edu/7666373/An\_Order-of-Magnitude\_Estimate\_of\_the\_Relative\_Sustainability\_of\_the\_Bitcoin\_ Network\_-\_2nd\_Edition (visited on 18th May 2018)},
  year={2014}
}

@article{crawford2000introducing,
  title={Introducing the itanium processors},
  author={Crawford, John},
  journal={IEEE Micro},
  volume={20},
  number={5},
  pages={9--11},
  year={2000},
  publisher={IEEE}
}

@incollection{bonomi2014fog,
  title={Fog computing: A platform for internet of things and analytics},
  author={Bonomi, Flavio and Milito, Rodolfo and Natarajan, Preethi and Zhu, Jiang},
  booktitle={Big data and internet of things: A roadmap for smart environments},
  pages={169--186},
  year={2014},
  publisher={Springer}
}
