% Para citar, exporte a citação do artigo como BibTeX (qualquer plataforma como o escolar vai ter essa opção), cole a citação no final desse arquivo e utilize o comando \cite{nomedacitacao} para referenciá-la em qualquer parte do texto.

% GUGUINHA LINDO %

@inproceedings{buneman1997semistructured,
  title={Semistructured data},
  author={Buneman, Peter},
  booktitle={Proceedings of the sixteenth ACM SIGACT-SIGMOD-SIGART symposium on Principles of database systems},
  pages={117--121},
  year={1997}
}

@inproceedings{abiteboul1997querying,
  title={Querying semi-structured data},
  author={Abiteboul, Serge},
  booktitle={International Conference on Database Theory},
  pages={1--18},
  year={1997},
  organization={Springer}
}

@article{dosdados,
  title={Dados Semi-Estruturados},
  author={dos Santos Mello, Ronaldo and Dorneles, Carina Friedrich and Kade, Adrovane and de Paula Braganholo, Vanessa and Heuser, Carlos Alberto}
}

@MISC{geeks,
author = {Geeks for Geeks},
title = {What is Semi-structured data?},
month = nov,
year = {2020},
howpublished={\url{https://www.geeksforgeeks.org/what-is-semi-structured-data/}}
}

% https://treehousetechgroup.com/what-is-semi-structured-data-5-key-things-to-know/

@MISC{treehouse,
author = {Tree House Tech Group},
title = {What is Semi-Structured Data? 5 Key Things to Know},
month = nov,
year = {2020},
howpublished={\url{https://treehousetechgroup.com/what-is-semi-structured-data-5-key-things-to-know/}}
}

% GUGUINHA LINDO %

% EL CROSSVALDO %

@misc{bray2000xml,
  title={Extensible markup language (XML) 1.0},
  author={Bray, Tim and Paoli, Jean and Sperberg-McQueen, C Michael and Maler, Eve and Yergeau, Franois and others},
  year={2000},
  publisher={W3C recommendation October}
}

@misc{mozillaxml,
  title={XML introduction},
  author={Mozilla},
  howpublished={\url{  https://developer.mozilla.org/en-US/docs/Web/XML/XML_introduction/}}
}

@misc{ibmxml,
  title={Introduction to XML},
  author={IBM},
  howpublished={\url{  https://www.ibm.com/developerworks/xml/tutorials/xmlintro/xmlintro.html}}
}

@misc{computerphile,
  title={SGML HTML XML What's the Difference? (Part 1) - Computerphile},
  author={Computerphile},
  howpublished={\url{  https://www.youtube.com/watch?v=RH0o-QjnwDg}}
}

@misc{wikixml,
  title={XML},
  author={Wikipedia},
  howpublished={\url{https://en.wikipedia.org/wiki/XML}}
}

@misc{wikidtd,
  title={Document type definition},
  author={Wikipedia},
  howpublished={\url{https://en.wikipedia.org/wiki/Document_type_definition}}
}

@misc{publicdtd,
  title={HTML 4.01 Transitional DTD},
  author={W3},
  howpublished={\url{https://www.w3.org/TR/html4/loose.dtd}}
}

@misc{wikixmlschema,
  title={XML Schema},
  author={Wikipedia},
  howpublished={\url{https://en.wikipedia.org/wiki/XML_schema}}
}

% EL CROSSVALDO %

% BIGODE %

@misc{jsonsaga,
  title={The History of JSON},
  author={Douglas Crockford},
  year={2019},
  howpublished={\url{https://youtu.be/TjVcVWB0oFk}}
}

@misc{jsonorg,
  title={Introducing JSON},
  author={Douglas Crockford},
  howpublished={\url{https://www.json.org/json-en.html}}
}

@misc{jsonexample,
  title={JSON Example},
  howpublished={\url{https://www.json.org/example.html}}
}

@article{jsonbetterformat,
  title={What is JSON? A better format for data exchange},
  author={Freeman, Jonathan},
  year={2019},
  journal={InfoWorld},
  howpublished={\url{https://www.infoworld.com/article/3222851/what-is-json-a-better-format-for-data-exchange.html}}
}

@article{jsonnotjavascript,
  title={Why JSON isn’t just for JavaScript},
  author={Willison, Simon},
  year={2006},
  journal={Simon Willison's Weblog},
  howpublished={\url{https://simonwillison.net/2006/Dec/20/json/}}
}

@misc{jsonrest,
  title={An Introduction to REST and JSON},
  year={2017},
  howpublished={\url{https://youtu.be/u-RnFs9dby4/}}
}

@book{jsonajax,
  title={Ajax: The Definitive Guide},
  author={Anthony T. Holdener III},
  year={2008},
  publisher={O'Reilly Media, Inc.},
  howpublished={\url{https://www.oreilly.com/library/view/ajax-the-definitive/9780596528386/ch04.html}}
}


% BIGODE %