@misc{ClassicMcEliece,
  author = {Bernstein},
  title = {{Classic McEliece} Website},
  howpublished = {https://classic.mceliece.org/index.html},
  note = {Acessado: 06/04/2021}
}

@misc{HammingVideo,
  author = {3Blue1Brown},
  title = {Hamming codes and error correction},
  howpublished = {https://www.youtube.com/watch?v=X8jsijhllIA},
  note = {Acessado: 18/04/2021}
}

@misc{criptTypes,
  author = {Robert Relyea},
  title = {Overview of the NIST Post Quantum Algorithms},
  howpublished = {https://www.youtube.com/watch?v=iPijIw-ZDpY},
  note = {Acessado: 18/04/2021}
}

@article{albrechtmimc,
  title={MiMC: Efficient Encryption and Cryptographic Hashing with Minimal Multiplicative Complexity},
  author={Albrecht, Martin and Grassi, Lorenzo and Rechberger, Christian and Roy, Arnab and Tiessen, Tyge}
}

@techreport{albrecht2018lima,
  title={LIMA: A PQC Encryption Scheme},
  author={Albrecht, Emmanuela Orsini Martin R and Lindell, Yehuda and Orsini, Emmanuela and Osheter, Valery and Paterson, Kenneth G and Peer, Guy and Smart, Nigel P}
}

@inproceedings{bernstein2008chacha,
  title={ChaCha, a variant of Salsa20},
  author={Bernstein, Daniel J and others}
}

@inproceedings{bernstein2013mcbits,
  title={McBits: fast constant-time code-based cryptography},
  author={Bernstein, Daniel J and Chou, Tung and Schwabe, Peter},
  booktitle={International Conference on Cryptographic Hardware and Embedded Systems},
  pages={250--272},
  year={2013},
  organization={Springer}
}

@inproceedings{bernstein2010wild,
  title={Wild mceliece},
  author={Bernstein, Daniel J and Lange, Tanja and Peters, Christiane},
  booktitle={International Workshop on Selected Areas in Cryptography},
  pages={143--158},
  year={2010},
  organization={Springer}
}

@article{bernstein2005salsa20,
  title={Salsa20 specification},
  author={Bernstein, Daniel J},
  publisher={Citeseer}
}

@inproceedings{misoczki2013mdpc,
  title={MDPC-McEliece: New McEliece variants from moderate density parity-check codes},
  author={Misoczki, Rafael and Tillich, Jean-Pierre and Sendrier, Nicolas and Barreto, Paulo SLM},
  booktitle={2013 IEEE international symposium on information theory},
  pages={2069--2073},
  year={2013},
  organization={IEEE}
}

@INPROCEEDINGS{kyber,

  author={J. {Bos} and L. {Ducas} and E. {Kiltz} and T. {Lepoint} and V. {Lyubashevsky} and J. M. {Schanck} and P. {Schwabe} and G. {Seiler} and D. {Stehle}},

  booktitle={2018 IEEE European Symposium on Security and Privacy (EuroS P)}, 

  title={CRYSTALS - Kyber: A CCA-Secure Module-Lattice-Based KEM}, 

  year={2018},

  volume={},

  number={},

  pages={353-367},

  doi={10.1109/EuroSP.2018.00032}}

@article{berlekamp1973goppa,
  title={Goppa codes},
  author={Berlekamp, Elwyn},
  journal={IEEE Transactions on Information Theory},
  volume={19},
  number={5},
  pages={590--592},
  year={1973},
  publisher={IEEE}
}

@article{bernstein2017classic,
  title={Classic McEliece: conservative code-based cryptography},
  author={Bernstein, Daniel J and Chou, Tung and Lange, Tanja and von Maurich, Ingo and Misoczki, Rafael and Niederhagen, Ruben and Persichetti, Edoardo and Peters, Christiane and Schwabe, Peter and Sendrier, Nicolas and others},
  journal={NIST submissions},
  year={2017}
}